% !TeX encoding = windows-1251

@BOOK{ SWPRV,
title={Кресин В.З. Сверхпроводимость и сверхтекучесть. (Дата обращения 06.05.2023).},
}%1
@BOOK{ SWPRVSM,
title={Мнеян М.Г. Сверхпроводники в современном мире. Книга для учащихся. (Дата обращения 06.05.2023).},
}%2
@BOOK{ PROSV,
title={М.: Просвещение, 2016. 3. Сверхпроходимость: Настоящее и будущее [{Э}лектронный ресурс]},
note={URL:~\url{http://schoolnano.ru/node/5337} (Дата обращения 07.05.2023). Загл. с экр. Яз. рус.},
}%3
@BOOK{ WIKI1,
title={Физика низких температур [{Э}лектронный ресурс]},
note={URL:~\url{https://ru.wikipedia.org/wiki/Физика_низких_температур} (Дата обращения 07.05.2023). Загл. с экр. Яз. рус.},
}%4
@BOOK{ CRUG,
title={ФИЗИКА НИЗКИХ ТЕМПЕРАТУР [{Э}лектронный ресурс]},
note={URL:~\url{https://www.krugosvet.ru/enc/nauka_i_tehnika/fizika/FIZIKA_NIZKIH_TEMPERATUR.html} (Дата обращения 07.05.2023). Загл. с экр. Яз. рус.}, 
}%5
@BOOK{ ROOM,
title={Криогенные жидкости [{Э}лектронный ресурс]},
note={URL:~\url{https://tgp59.ru/kriogennye-zhidkosti} (Дата обращения 06.05.2023). Загл. с экр. Яз. рус.}
}%6
@BOOK{ KNIGA,
title={Свойства вещества при низкой температуре [{Э}лектронный ресурс]},
note={URL:~\url{https://scask.ru/j_book_mph.php?id=121} (Дата обращения 07.05.2023). Загл. с экр. Яз. рус.},
}%7
