% !TeX encoding = windows-1251

@BOOK{ N1,
title={Искусственный интеллект [{Э}лектронный ресурс]},
note={URL:~\url{https://ru.wikipedia.org/wiki/Искусственный_интеллект} (Дата обращения 19.05.2023). Загл. с экр. Яз. рус.},
}%1
@BOOK{ N2,
title={История развития Искусственного Интеллекта [{Э}лектронный ресурс]},
note={URL:~\url{https://www.economy.gov.ru/material/departments/d01/razvitie_iskusstvennogo_intellekta/} (Дата обращения 19.05.2023). Загл. с экр. Яз. рус.},
}%2
@BOOK{ N3,
title={Современная классификация ИИ. На пути к сильному ИИ. [{Э}лектронный ресурс]},
note={URL:~\url{https://mind-simulation.com/ru/blog/tech/sovremennaya-klassifikatsiya-ii-na-puti-k-sil-nomu} (Дата обращения 19.05.2023). Загл. с экр. Яз. рус.},
}%3
@BOOK{ N4,
title={Сферы применения искусственного интеллекта: от медицины до сельского хозяйства [{Э}лектронный ресурс]},
note={URL:~\url{https://www.argentics.io/main-component-of-game-development-stages} (Дата обращения 19.05.2023). Загл. с экр. Яз. рус.},
}%4
@BOOK{ N5,
title={Перспективы развития искусственного интеллекта [{Э}лектронный ресурс]},
note={URL:~\url{https://www.ixbt.com/live/offtopic/perspektivy-razvitiya-iskusstvennogo-intellekta.html} (Дата обращения 19.05.2023). Загл. с экр. Яз. рус.},
}%5
@BOOK{ N6,
title={Этичное применение искусственного интеллекта [{Э}лектронный ресурс]},
note={URL:~\url{https://ethics.cdto.center/3_3} (Дата обращения 19.05.2023). Загл. с экр. Яз. рус.},
}%6
@BOOK{ N7,
title={Как я написал диплом с помощью ChatGPT и оказался в центре спора о нейросетях в образовании [{Э}лектронный ресурс]},
note={URL:~\url{https://journal.tinkoff.ru/neuro-diploma/} (Дата обращения 19.05.2023). Загл. с экр. Яз. рус.},
}%7
@BOOK{ N8,
title={Последние тренды в области искусственного интеллекта [{Э}лектронный ресурс]},
note={URL:~\url{https://www.soel.ru/novosti/2021/poslednie_trendy_v_oblasti_iskusstvennogo_intellekta/} (Дата обращения 19.05.2023). Загл. с экр. Яз. рус.},
}%8
@BOOK{ N9,
title={СОВРЕМЕННОЕ СОСТОЯНИЕ ИСКУССТВЕННОГО ИНТЕЛЛЕКТА [{Э}лектронный ресурс]},
note={URL:~\url{https://cyberleninka.ru/article/n/sovremennoe-sostoyanie-iskusstvennogo-intellekta} (Дата обращения 19.05.2023). Загл. с экр. Яз. рус.},
}%9
@BOOK{ N10,
title={История искусственного интеллекта [{Э}лектронный ресурс]},
note={URL:~\url{https://ru.wikipedia.org/wiki/История_искусственного_интеллекта} (Дата обращения 19.05.2023). Загл. с экр. Яз. рус.},
}%10
@BOOK{ N11,
title={Развитие искусственного интеллекта [{Э}лектронный ресурс]},
note={URL:~\url{https://gb.ru/blog/razvitie-iskusstvennogo-intellekta/} (Дата обращения 19.05.2023). Загл. с экр. Яз. рус.},
}%11
@BOOK{ N12,
title={История развития Искусственного Интеллекта [{Э}лектронный ресурс]},
note={URL:~\url{https://scienceforum.ru/2019/article/2018010554} (Дата обращения 19.05.2023). Загл. с экр. Яз. рус.},
}%12
@BOOK{ N13,
title={Сферы применения искусственного интеллекта: от медицины до сельского хозяйства [{Э}лектронный ресурс]},
note={URL:~\url{https://gb.ru/blog/sfery-primeneniya-iskusstvennogo-intellekta/} (Дата обращения 19.05.2023). Загл. с экр. Яз. рус.},
}%13
@BOOK{ N14,
title={Преимущества и недостатки искусственного интеллекта [{Э}лектронный ресурс]},
note={URL:~\url{https://net27.ru/preimuschestva-i-nedostatki-iskusstvennogo-intellekta.html} (Дата обращения 19.05.2023). Загл. с экр. Яз. рус.},
}%14

